@article{ThompsonandMyers2009,
    title = {{A Catalog of Coronal ''EIT Wave'' Transients}},
    year = {2009},
    journal = {{\textbackslash}apjs},
    author = {Thompson, B.~J. and Myers, D.~C.},
    month = {8},
    pages = {225--243},
    volume = {183},
    doi = {10.1088/0067-0049/183/2/225},
    keywords = {Sun: UV radiation, Sun: corona, waves}
}

@article{Chen2005,
    title = {{A Full View of EIT Waves}},
    year = {2005},
    journal = {{\textbackslash}apj},
    author = {Chen, P.~F. and Fang, C and Shibata, K},
    month = {4},
    pages = {1202--1210},
    volume = {622},
    doi = {10.1086/428084},
    keywords = {Sun: Activity, Sun: Corona, Sun: Magnetic Fields, Waves}
}

@article{Offringa2012b,
    title = {{A morphological algorithm for improving radio-frequency interference detection}},
    year = {2012},
    journal = {Astronomy {\&} Astrophysics},
    author = {Offringa, A. R. and van de Gronde, J. J. and Roerdink, J. B. T. M.},
    month = {3},
    pages = {A95},
    volume = {539},
    publisher = {EDP Sciences},
    url = {http://www.aanda.org/10.1051/0004-6361/201118497},
    doi = {10.1051/0004-6361/201118497},
    issn = {0004-6361},
    keywords = {instrumentation: interferometers, methods: data analysis, techniques: interferometric}
}

@article{Warmuth2004a,
    title = {{A multiwavelength study of solar flare waves. I. Observations and basic properties}},
    year = {2004},
    journal = {{\textbackslash}aap},
    author = {Warmuth, A and Vr{\v{s}}nak, B and Magdaleni{\'{c}}, J and Hanslmeier, A and Otruba, W},
    month = {5},
    pages = {1101--1115},
    volume = {418},
    doi = {10.1051/0004-6361:20034332},
    keywords = {Sun: chromosphere, Sun: corona, Sun: flares, Sun: radio radiation, shock waves}
}

@article{Warmuth2004b,
    title = {{A multiwavelength study of solar flare waves. II. Perturbation characteristics and physical interpretation}},
    year = {2004},
    journal = {{\textbackslash}aap},
    author = {Warmuth, A and Vr{\v{s}}nak, B and Magdaleni{\'{c}}, J and Hanslmeier, A and Otruba, W},
    month = {5},
    pages = {1117--1129},
    volume = {418},
    doi = {10.1051/0004-6361:20034333},
    keywords = {Sun: chromosphere, Sun: corona, Sun: flares, Sun: radio radiation, shock waves}
}

@article{Delannee2008,
    title = {{A New Model for Propagating Parts of EIT Waves: A Current Shell in a CME}},
    year = {2008},
    journal = {{\textbackslash}solphys},
    author = {Delann{\'{e}}e, C and T{\"{o}}r{\"{o}}k, T and Aulanier, G and Hochedez, J.-F.},
    month = {1},
    pages = {123--150},
    volume = {247},
    doi = {10.1007/s11207-007-9085-4},
    keywords = {MHD, Sun: activity, Sun: corona, Sun: coronal mass ejections (CMEs), Sun: flare, Sun: magnetic fields}
}

@article{Reid2014a,
    title = {{A review of solar type III radio bursts}},
    year = {2014},
    journal = {Research in Astronomy and Astrophysics},
    author = {Reid, Hamish Andrew Sinclair and Ratcliffe, Heather},
    number = {7},
    month = {7},
    pages = {773--804},
    volume = {14},
    publisher = {IOP Publishing},
    url = {http://stacks.iop.org/1674-4527/14/i=7/a=003?key=crossref.031d516eb23a91a84a7c08fa668b8d70},
    doi = {10.1088/1674-4527/14/7/003},
    issn = {1674-4527}
}

@article{Reid2014,
    title = {{A review of solar type III radio bursts}},
    year = {2014},
    journal = {Research in Astronomy and Astrophysics},
    author = {Reid, Hamish Andrew Sinclair and Ratcliffe, Heather},
    number = {7},
    month = {7},
    pages = {773--804},
    volume = {14},
    url = {http://stacks.iop.org/1674-4527/14/i=7/a=003?key=crossref.031d516eb23a91a84a7c08fa668b8d70},
    doi = {10.1088/1674-4527/14/7/003},
    issn = {1674-4527},
    keywords = {Astrophysics, Solar and Stellar Astrophysics}
}

@article{Long2017,
    title = {{A Statistical Analysis of the Solar Phenomena Associated with Global EUV Waves}},
    year = {2017},
    journal = {Solar Physics},
    author = {Long, D. M. and Murphy, P. and Graham, G. and Carley, E. P. and P{\'{e}}rez-Su{\'{a}}rez, D.},
    number = {12},
    month = {12},
    pages = {185},
    volume = {292},
    publisher = {Springer Netherlands},
    url = {http://link.springer.com/10.1007/s11207-017-1206-0},
    doi = {10.1007/s11207-017-1206-0},
    issn = {0038-0938}
}

@book{Offringa2012a,
    title = {{Algorithms for radio interference detection and removal}},
    year = {2012},
    author = {Offringa, André (Anne René) and {Off Page)}},
    publisher = {s.n.]},
    url = {https://www.rug.nl/research/portal/publications/pub(b427903c-bf23-4bd5-b641-a58993f54291).html},
    isbn = {9789036755450},
    keywords = {(signalen), Algoritmen, Interferentie (golven), LOFAR, Proefschriften (vorm), Radioastronomie, Radiotelescopen, radioastronomie}
}

@article{Bastian1994,
    title = {{Angular scattering of solar radio emission by coronal turbulence}},
    year = {1994},
    journal = {The Astrophysical Journal},
    author = {Bastian, T. S.},
    month = {5},
    pages = {774},
    volume = {426},
    url = {http://adsabs.harvard.edu/doi/10.1086/174114},
    doi = {10.1086/174114},
    issn = {0004-637X},
    keywords = {Electron Density (Concentration), Radiative Transfer, Scattering, Solar Corona, Solar Electrons, Solar Radio Emission, Solar Spectra, Solar Wind, Turbulence, Wave Propagation}
}

@article{Delannee2000,
    title = {{Another View of the EIT Wave Phenomenon}},
    year = {2000},
    journal = {{\textbackslash}apj},
    author = {Delann{\'{e}}e, C},
    month = {12},
    pages = {512--523},
    volume = {545},
    doi = {10.1086/317777},
    keywords = {Sun: Corona, Sun: Flares, Sun: Magnetic Fields}
}

@article{WillsDavey2007,
    title = {{Are ``EIT Waves'' Fast-Mode MHD Waves?}},
    year = {2007},
    journal = {{\textbackslash}apj},
    author = {Wills-Davey, M.~J. and DeForest, C.~E. and Stenflo, J.~O.},
    month = {7},
    pages = {556--562},
    volume = {664},
    doi = {10.1086/519013},
    arxivId = {0704.2828},
    keywords = {Magnetohydrodynamics: MHD, Sun: Corona, Sun: Coronal Mass Ejections (CMEs), Waves}
}

@book{EuropeanSouthernObservatory.1969,
    title = {{Astronomy and astrophysics.}},
    year = {1969},
    booktitle = {Bulletin of the Astronomical Institutes of the Netherlands, Vol. 18, p.111},
    author = {European Southern Observatory., A. D. and D., A.},
    pages = {111},
    volume = {18},
    publisher = {EDP Sciences [etc.]},
    url = {http://adsabs.harvard.edu/abs/1965BAN....18..111F},
    issn = {0365-8910}
}

@article{Podladchikova2005,
    title = {{Automated Detection Of Eit Waves And Dimmings}},
    year = {2005},
    journal = {{\textbackslash}solphys},
    author = {Podladchikova, O and Berghmans, D},
    month = {5},
    pages = {265--284},
    volume = {228},
    doi = {10.1007/s11207-005-5373-z}
}

@article{Vrsnak2002,
    title = {{Band-splitting of coronal and interplanetary type II bursts}},
    year = {2002},
    journal = {Astronomy {\&} Astrophysics},
    author = {Vr{\v{s}}nak, B and Magdaleni{\'{c}}, J and Aurass, H and Mann, G},
    number = {2},
    month = {12},
    pages = {673--682},
    volume = {396},
    url = {http://www.aanda.org/10.1051/0004-6361:20021413},
    doi = {10.1051/0004-6361:20021413},
    issn = {0004-6361},
    keywords = {MHD, Sun: corona, Sun: radio radiation, shock waves}
}

@article{Boischot1957,
    title = {{Caract{\`{e}}res d'un type d'{\'{e}}mission hertzienne associ{\'{e}} {\`{a}} certaines {\'{e}}ruptions chromosph{\'{e}}riques}},
    year = {1957},
    journal = {Comptes Rendus de l'Acad{\'{e}}mie des Sciences, Paris, Vol. 244, p. 1326-1329},
    author = {Boischot, André and {Andr{\'{e}}}},
    pages = {1326--1329},
    volume = {244},
    url = {http://adsabs.harvard.edu/abs/1957CRAS..244.1326B}
}

@article{Klassen2000,
    title = {{Catalogue of the 1997 SOHO-EIT coronal transient waves and associated type II radio burst spectra}},
    year = {2000},
    journal = {{\textbackslash}aaps},
    author = {Klassen, A and Aurass, H and Mann, G and Thompson, B.~J.},
    month = {2},
    pages = {357--369},
    volume = {141},
    doi = {10.1051/aas:2000125},
    keywords = {FLARES, RADIO RADIATION, SHOCK WAVES, SUN: CORONA}
}

@article{DelanneeandAulanier1999,
    title = {{Cme Associated with Transequatorial Loops and a Bald Patch Flare}},
    year = {1999},
    journal = {{\textbackslash}solphys},
    author = {Delann{\'{e}}e, C and Aulanier, G},
    month = {12},
    pages = {107--129},
    volume = {190},
    doi = {10.1023/A:1005249416605}
}

@article{Broekema2018,
    title = {{Cobalt: A GPU-based correlator and beamformer for LOFAR}},
    year = {2018},
    author = {Broekema, P. Chris and Mol, J. Jan David and Nijboer, Ronald and van Amesfoort, Alexander S. and Brentjens, Michiel A. and Loose, G. Marcel and Klijn, Wouter F. A. and Romein, John W.},
    month = {1},
    url = {http://arxiv.org/abs/1801.04834 http://dx.doi.org/10.1016/j.ascom.2018.04.006},
    doi = {10.1016/j.ascom.2018.04.006},
    arxivId = {1801.04834}
}

@article{Fokker1965,
    title = {{Coronal scattering of radiation from solar radio sources}},
    year = {1965},
    journal = {Bulletin of the Astronomical Institutes of the Netherlands},
    author = {Fokker, A. D.},
    pages = {111},
    volume = {18},
    url = {https://ui.adsabs.harvard.edu/#abs/1965BAN....18..111F/abstract}
}

@article{Steinberg1971,
    title = {{Coronal Scattering, Absorption and Refraction of Solar Radiobursts}},
    year = {1971},
    journal = {Astronomy and Astrophysics},
    author = {Steinberg, J. L. and Aubier-Giraud, M. and Leblanc, Y. and Boischot, A.},
    month = {2},
    pages = {362},
    volume = {10},
    url = {https://ui.adsabs.harvard.edu/#abs/1971A&A....10..362S/abstract}
}

@article{Attrill2007,
    title = {{Coronal ``Wave'': Magnetic Footprint of a Coronal Mass Ejection?}},
    year = {2007},
    journal = {{\textbackslash}apjl},
    author = {Attrill, G.~D.~R. and Harra, L.~K. and van Driel-Gesztelyi, L and D{\'{e}}moulin, P},
    month = {2},
    pages = {L101-L104},
    volume = {656},
    doi = {10.1086/512854},
    keywords = {Sun: Activity, Sun: Coronal Mass Ejections (CMEs), Sun: Filaments, Sun: Magnetic Fields}
}

@article{Long2014,
    title = {{CorPITA: An Automated Algorithm for the Identification and Analysis of Coronal ''EIT Waves''}},
    year = {2014},
    journal = {{\textbackslash}solphys},
    author = {Long, D.~M. and Bloomfield, D.~S. and Gallagher, P.~T. and P{\'{e}}rez-Su{\'{a}}rez, D},
    month = {9},
    pages = {3279--3295},
    volume = {289},
    doi = {10.1007/s11207-014-0527-5},
    arxivId = {astro-ph.SR/1403.6722},
    keywords = {Corona, Data analysis, Feature detection}
}

@article{Gopalswamy2000,
    title = {{Early life of coronal mass ejections}},
    year = {2000},
    journal = {Journal of Atmospheric and Solar-Terrestrial Physics},
    author = {Gopalswamy, N. and Thompson, B.J.},
    number = {16},
    month = {11},
    pages = {1457--1469},
    volume = {62},
    publisher = {Pergamon},
    url = {https://www-sciencedirect-com.elib.tcd.ie/science/article/pii/S1364682600000791?via%3Dihub},
    doi = {10.1016/S1364-6826(00)00079-1},
    issn = {1364-6826}
}

@article{Sedaghat2018,
    title = {{Effective image differencing with convolutional neural networks for real-time transient hunting}},
    year = {2018},
    journal = {Monthly Notices of the Royal Astronomical Society},
    author = {Sedaghat, Nima and Mahabal, Ashish},
    number = {4},
    month = {6},
    pages = {5365--5376},
    volume = {476},
    publisher = {Oxford University Press},
    url = {https://academic.oup.com/mnras/article/476/4/5365/4968015},
    doi = {10.1093/mnras/sty613},
    issn = {0035-8711}
}

@article{Delaboudiniere1995,
    title = {{EIT: Extreme-Ultraviolet Imaging Telescope for the SOHO Mission}},
    year = {1995},
    journal = {{\textbackslash}solphys},
    author = {Delaboudini{\`{e}}re, J.-P. and Artzner, G.~E. and Brunaud, J and Gabriel, A.~H. and Hochedez, J.~F. and Millier, F and Song, X.~Y. and Au, B and Dere, K.~P. and Howard, R.~A. and Kreplin, R and Michels, D.~J. and Moses, J.~D. and Defise, J.~M. and Jamar, C and Rochus, P and Chauvineau, J.~P. and Marioge, J.~P. and Catura, R.~C. and Lemen, J.~R. and Shing, L and Stern, R.~A. and Gurman, J.~B. and Neupert, W.~M. and Maucherat, A and Clette, F and Cugnon, P and van Dessel, E.~L.},
    month = {12},
    pages = {291--312},
    volume = {162},
    doi = {10.1007/BF00733432},
    keywords = {Multilayer telescope, Solar EUV, Solar X-rays}
}

@article{Chen2002,
    title = {{Evidence of EIT and Moreton Waves in Numerical Simulations}},
    year = {2002},
    journal = {{\textbackslash}apjl},
    author = {Chen, P.~F. and Wu, S.~T. and Shibata, K and Fang, C},
    month = {6},
    pages = {L99-L102},
    volume = {572},
    doi = {10.1086/341486},
    keywords = {Sun: Activity, Sun: Corona, Sun: Magnetic Fields, Waves}
}

@article{WILD1953,
    title = {{Evidence of Harmonics in the Spectrum of a Solar Radio Outburst}},
    year = {1953},
    journal = {Nature},
    author = {WILD, J. P. and MURRAY, J. D. and ROWE, W. C.},
    number = {4377},
    month = {9},
    pages = {533--534},
    volume = {172},
    publisher = {Nature Publishing Group},
    url = {http://www.nature.com/doifinder/10.1038/172533a0},
    doi = {10.1038/172533a0},
    issn = {0028-0836}
}

@article{Warmuth2001,
    title = {{Evolution of Two EIT/H{\{}{\$}{$\alpha$}{\$}{\}} Moreton Waves}},
    year = {2001},
    journal = {{\textbackslash}apjl},
    author = {Warmuth, A and Vr{\v{s}}nak, B and Aurass, H and Hanslmeier, A},
    month = {10},
    pages = {L105-L109},
    volume = {560},
    doi = {10.1086/324055},
    keywords = {Shock Waves, Sun: Chromosphere, Sun: Corona, Sun: Flares}
}

@inproceedings{Vincent2008,
    title = {{Extracting and composing robust features with denoising autoencoders}},
    year = {2008},
    booktitle = {Proceedings of the 25th international conference on Machine learning - ICML '08},
    author = {Vincent, Pascal and Larochelle, Hugo and Bengio, Yoshua and Manzagol, Pierre-Antoine},
    pages = {1096--1103},
    publisher = {ACM Press},
    url = {http://portal.acm.org/citation.cfm?doid=1390156.1390294},
    address = {New York, New York, USA},
    isbn = {9781605582054},
    doi = {10.1145/1390156.1390294}
}

@article{McConnell1980,
    title = {{Fine Spectral Structure of Solar Radio Storms}},
    year = {1980},
    journal = {Publications of the Astronomical Society of Australia},
    author = {McConnell, D.},
    number = {01},
    month = {4},
    pages = {64--67},
    volume = {4},
    url = {https://www.cambridge.org/core/product/identifier/S1323358000018816/type/journal_article},
    doi = {10.1017/S1323358000018816},
    issn = {1323-3580},
    keywords = {Brightness Temperature, Electron Density (Concentration), Plasma Frequencies, Plasma Radiation, Radio Frequencies, Radio Spectroscopy, Radio Telescopes, Solar Corona, Solar Physics, Solar Radiation, Solar Radio Bursts, Solar Storms, Solar Wind, Spectrum Analysis}
}

@article{Ellis1969,
    title = {{Fine Structure in the Spectra of Solar Radio Bursts}},
    year = {1969},
    journal = {Australian Journal of Physics},
    author = {Ellis, GRA},
    number = {2},
    pages = {177},
    volume = {22},
    publisher = {CSIRO PUBLISHING},
    url = {http://www.publish.csiro.au/?paper=PH690177},
    doi = {10.1071/PH690177},
    issn = {0004-9506}
}

@article{Melrose1982,
    title = {{Fine structures in Decametric noise storms : possible mechanisms}},
    year = {1982},
    journal = {Solar Radio Storms, CESRA Workshop {\#}4},
    author = {Melrose, D. B.},
    pages = {182},
    url = {https://ui.adsabs.harvard.edu/#abs/1982srs..work..182M/abstract}
}

@book{LandauandLifshitz,
    title = {{Fluid mechanics}},
    year = {1959},
    booktitle = {Course of theoretical physics, Oxford: Pergamon Press, 1959},
    author = {Landau, L.~D. and Lifshitz, E.~M.}
}

@article{Lulic2013,
    title = {{Formation of Coronal Shock Waves}},
    year = {2013},
    journal = {{\textbackslash}solphys},
    author = {Luli{\'{c}}, S and Vr{\v{s}}nak, B and {\v{Z}}ic, T and Kienreich, I.~W. and Muhr, N and Temmer, M and Veronig, A.~M.},
    month = {9},
    pages = {509--528},
    volume = {286},
    doi = {10.1007/s11207-013-0287-7},
    arxivId = {astro-ph.SR/1303.2786},
    keywords = {Corona, Coronal mass ejections, Flares, Waves, magnetohydrodynamic, shock}
}

@article{Huppenkothen2018,
    title = {{Hack weeks as a model for data science education and collaboration.}},
    year = {2018},
    journal = {Proceedings of the National Academy of Sciences of the United States of America},
    author = {Huppenkothen, Daniela and Arendt, Anthony and Hogg, David W and Ram, Karthik and VanderPlas, Jacob T and Rokem, Ariel},
    month = {8},
    pages = {201717196},
    publisher = {National Academy of Sciences},
    url = {http://www.ncbi.nlm.nih.gov/pubmed/30127025},
    doi = {10.1073/pnas.1717196115},
    issn = {1091-6490},
    pmid = {30127025},
    keywords = {data science, education, interdisciplinary collaboration, reproducibility}
}

@article{Wild1954a,
    title = {{Harmonics in the Spectra of Solar Radio Disturbances}},
    year = {1954},
    journal = {Australian Journal of Physics},
    author = {Wild, JP and Murray, JD and Rowe, WC},
    number = {3},
    month = {9},
    pages = {439},
    volume = {7},
    url = {http://www.publish.csiro.au/?paper=PH540439},
    doi = {10.1071/PH540439},
    issn = {0004-9506}
}

@article{Sedaghat2016,
    title = {{Hybrid Learning of Optical Flow and Next Frame Prediction to Boost Optical Flow in the Wild}},
    year = {2016},
    author = {Sedaghat, Nima and Zolfaghari, Mohammadreza and Brox, Thomas},
    month = {12},
    url = {http://arxiv.org/abs/1612.03777},
    arxivId = {1612.03777}
}

@article{Kontar2017,
    title = {{Imaging spectroscopy of solar radio burst fine structures}},
    year = {2017},
    journal = {Nature Communications},
    author = {Kontar, E. P. and Yu, S. and Kuznetsov, A. A. and Emslie, A. G. and Alcock, B. and Jeffrey, N. L. S. and Melnik, V. N. and Bian, N. H. and Subramanian, P.},
    number = {1},
    month = {12},
    pages = {1515},
    volume = {8},
    publisher = {Nature Publishing Group},
    url = {http://www.nature.com/articles/s41467-017-01307-8},
    doi = {10.1038/s41467-017-01307-8},
    issn = {2041-1723},
    keywords = {Astrophysical plasmas, Solar physics, Stars}
}

@article{Reid2017,
    title = {{Imaging Spectroscopy of Type U and J Solar Radio Bursts with LOFAR}},
    year = {2017},
    author = {Reid, Hamish A. S. and Kontar, Eduard P.},
    month = {6},
    url = {http://arxiv.org/abs/1706.07410 http://dx.doi.org/10.1051/0004-6361/201730701},
    doi = {10.1051/0004-6361/201730701},
    arxivId = {1706.07410}
}

@article{WarmuthandMann2011,
    title = {{Kinematical evidence for physically different classes of large-scale coronal EUV waves}},
    year = {2011},
    journal = {{\textbackslash}aap},
    author = {Warmuth, A and Mann, G},
    month = {8},
    pages = {A151},
    volume = {532},
    doi = {10.1051/0004-6361/201116685},
    keywords = {Sun: activity, Sun: corona, Sun: coronal mass ejections (CMEs), Sun: flares, shock waves, waves}
}

@article{Gallagher2011,
    title = {{Large-scale Bright Fronts in the Solar Corona: A Review of ''EIT waves''}},
    year = {2011},
    journal = {{\textbackslash}ssr},
    author = {Gallagher, P.~T. and Long, D.~M.},
    month = {7},
    pages = {365--396},
    volume = {158},
    doi = {10.1007/s11214-010-9710-7},
    arxivId = {astro-ph.SR/1006.0140},
    keywords = {Corona, Coronal mass ejections, EIT waves, Solar activity, Waves}
}

@article{Nitta2013,
    title = {{Large-scale Coronal Propagating Fronts in Solar Eruptions as Observed by the Atmospheric Imaging Assembly on Board the Solar Dynamics Observatory an Ensemble Study}},
    year = {2013},
    journal = {{\textbackslash}apj},
    author = {Nitta, N.~V. and Schrijver, C.~J. and Title, A.~M. and Liu, W},
    month = {10},
    pages = {58},
    volume = {776},
    doi = {10.1088/0004-637X/776/1/58},
    arxivId = {astro-ph.SR/1308.3544},
    keywords = {Sun: UV radiation, Sun: corona, Sun: coronal mass ejections: CMEs, Sun: flares, Sun: oscillations}
}

@article{Warmuth2015,
    title = {{Large-scale Globally Propagating Coronal Waves}},
    year = {2015},
    journal = {Living Reviews in Solar Physics},
    author = {Warmuth, A},
    month = {12},
    pages = {3},
    volume = {12},
    doi = {10.1007/lrsp-2015-3},
    keywords = {Corona, Magnetohydrodynamics (MHD), Waves}
}

@article{Sharykin2018,
    title = {{LOFAR Observations of Fine Spectral Structure Dynamics in Type IIIb Radio Bursts}},
    year = {2018},
    journal = {Solar Physics},
    author = {Sharykin, I. N. and Kontar, E. P. and Kuznetsov, A. A.},
    number = {8},
    month = {8},
    pages = {115},
    volume = {293},
    publisher = {Springer Netherlands},
    url = {http://link.springer.com/10.1007/s11207-018-1333-2},
    doi = {10.1007/s11207-018-1333-2},
    issn = {0038-0938}
}

@article{Morosan2015,
    title = {{LOFAR tied-array imaging and spectroscopy of solar S bursts}},
    year = {2015},
    journal = {Astronomy {\&} Astrophysics},
    author = {Morosan, D. E. and Gallagher, P. T. and Zucca, P. and O’Flannagain, A. and Fallows, R. and Reid, H. and Magdaleni{\'{c}}, J. and Mann, G. and Bisi, M. M. and Kerdraon, A. and Konovalenko, A. A. and MacKinnon, A. L. and Rucker, H. O. and Thid{\'{e}}, B. and Vocks, C. and Alexov, A. and Anderson, J. and Asgekar, A. and Avruch, I. M. and Bentum, M. J. and Bernardi, G. and Bonafede, A. and Breitling, F. and Broderick, J. W. and Brouw, W. N. and Butcher, H. R. and Ciardi, B. and de Geus, E. and Eisl{\"{o}}ffel, J. and Falcke, H. and Frieswijk, W. and Garrett, M. A. and Grie{\ss}meier, J. and Gunst, A. W. and Hessels, J. W. T. and Hoeft, M. and Karastergiou, A. and Kondratiev, V. I. and Kuper, G. and van Leeuwen, J. and McKay-Bukowski, D. and McKean, J. P. and Munk, H. and Orru, E. and Paas, H. and Pizzo, R. and Polatidis, A. G. and Scaife, A. M. M. and Sluman, J. and Tasse, C. and Toribio, M. C. and Vermeulen, R. and Zarka, P.},
    month = {8},
    pages = {A65},
    volume = {580},
    publisher = {EDP Sciences},
    url = {http://www.aanda.org/10.1051/0004-6361/201526064},
    doi = {10.1051/0004-6361/201526064},
    issn = {0004-6361},
    keywords = {Sun: corona, Sun: magnetic fields, Sun: particle emission, Sun: radio radiation}
}

@article{Morosan2014,
    title = {{LOFAR tied-array imaging of Type III solar radio bursts}},
    year = {2014},
    journal = {Astronomy {\&} Astrophysics},
    author = {Morosan, D. E. and Gallagher, P. T. and Zucca, P. and Fallows, R. and Carley, E. P. and Mann, G. and Bisi, M. M. and Kerdraon, A. and Konovalenko, A. A. and MacKinnon, A. L. and Rucker, H. O. and Thid{\'{e}}, B. and Magdaleni{\'{c}}, J. and Vocks, C. and Reid, H. and Anderson, J. and Asgekar, A. and Avruch, I. M. and Bentum, M. J. and Bernardi, G. and Best, P. and Bonafede, A. and Bregman, J. and Breitling, F. and Broderick, J. and Br{\"{u}}ggen, M. and Butcher, H. R. and Ciardi, B. and Conway, J. E. and de Gasperin, F. and de Geus, E. and Deller, A. and Duscha, S. and Eisl{\"{o}}ffel, J. and Engels, D. and Falcke, H. and Ferrari, C. and Frieswijk, W. and Garrett, M. A. and Grie{\ss}meier, J. and Gunst, A. W. and Hassall, T. E. and Hessels, J. W. T. and Hoeft, M. and H{\"{o}}randel, J. and Horneffer, A. and Iacobelli, M. and Juette, E. and Karastergiou, A. and Kondratiev, V. I. and Kramer, M. and Kuniyoshi, M. and Kuper, G. and Maat, P. and Markoff, S. and McKean, J. P. and Mulcahy, D. D. and Munk, H. and Nelles, A. and Norden, M. J. and Orru, E. and Paas, H. and Pandey-Pommier, M. and Pandey, V. N. and Pietka, G. and Pizzo, R. and Polatidis, A. G. and Reich, W. and R{\"{o}}ttgering, H. and Scaife, A. M. M. and Schwarz, D. and Serylak, M. and Smirnov, O. and Stappers, B. W. and Stewart, A. and Tagger, M. and Tang, Y. and Tasse, C. and Thoudam, S. and Toribio, C. and Vermeulen, R. and van Weeren, R. J. and Wucknitz, O. and Yatawatta, S. and Zarka, P.},
    month = {8},
    pages = {A67},
    volume = {568},
    publisher = {EDP Sciences},
    url = {http://www.aanda.org/10.1051/0004-6361/201423936},
    doi = {10.1051/0004-6361/201423936},
    issn = {0004-6361},
    keywords = {Sun: corona, Sun: coronal mass ejections (CMEs), Sun: particle emission, Sun: radio radiation}
}

@article{VanHaarlem2013,
    title = {{LOFAR: The LOw-Frequency ARray}},
    year = {2013},
    author = {van Haarlem, M. P. and Wise, M. W. and Gunst, A. W. and Heald, G. and McKean, J. P. and Hessels, J. W. T. and de Bruyn, A. G. and Nijboer, R. and Swinbank, J. and Fallows, R. and Brentjens, M. and Nelles, A. and Beck, R. and Falcke, H. and Fender, R. and H{\"{o}}randel, J. and Koopmans, L. V. E. and Mann, G. and Miley, G. and R{\"{o}}ttgering, H. and Stappers, B. W. and Wijers, R. A. M. J. and Zaroubi, S. and Akker, M. van den and Alexov, A. and Anderson, J. and Anderson, K. and van Ardenne, A. and Arts, M. and Asgekar, A. and Avruch, I. M. and Batejat, F. and B{\"{a}}hren, L. and Bell, M. E. and Bell, M. R. and van Bemmel, I. and Bennema, P. and Bentum, M. J. and Bernardi, G. and Best, P. and B{\^{i}}rzan, L. and Bonafede, A. and Boonstra, A. -J. and Braun, R. and Bregman, J. and Breitling, F. and van de Brink, R. H. and Broderick, J. and Broekema, P. C. and Brouw, W. N. and Br{\"{u}}ggen, M. and Butcher, H. R. and van Cappellen, W. and Ciardi, B. and Coenen, T. and Conway, J. and Coolen, A. and Corstanje, A. and Damstra, S. and Davies, O. and Deller, A. T. and Dettmar, R. -J. and van Diepen, G. and Dijkstra, K. and Donker, P. and Doorduin, A. and Dromer, J. and Drost, M. and van Duin, A. and Eisl{\"{o}}ffel, J. and van Enst, J. and Ferrari, C. and Frieswijk, W. and Gankema, H. and Garrett, M. A. and de Gasperin, F. and Gerbers, M. and de Geus, E. and Grie{\ss}meier, J. -M. and Grit, T. and Gruppen, P. and Hamaker, J. P. and Hassall, T. and Hoeft, M. and Holties, H. and Horneffer, A. and van der Horst, A. and van Houwelingen, A. and Huijgen, A. and Iacobelli, M. and Intema, H. and Jackson, N. and Jelic, V. and de Jong, A. and Juette, E. and Kant, D. and Karastergiou, A. and Koers, A. and Kollen, H. and Kondratiev, V. I. and Kooistra, E. and Koopman, Y. and Koster, A. and Kuniyoshi, M. and Kramer, M. and Kuper, G. and Lambropoulos, P. and Law, C. and van Leeuwen, J. and Lemaitre, J. and Loose, M. and Maat, P. and Macario, G. and Markoff, S. and Masters, J. and McKay-Bukowski, D. and Meijering, H. and Meulman, H. and Mevius, M. and Middelberg, E. and Millenaar, R. and Miller-Jones, J. C. A. and Mohan, R. N. and Mol, J. D. and Morawietz, J. and Morganti, R. and Mulcahy, D. D. and Mulder, E. and Munk, H. and Nieuwenhuis, L. and van Nieuwpoort, R. and Noordam, J. E. and Norden, M. and Noutsos, A. and Offringa, A. R. and Olofsson, H. and Omar, A. and Orr{\'{u}}, E. and Overeem, R. and Paas, H. and Pandey-Pommier, M. and Pandey, V. N. and Pizzo, R. and Polatidis, A. and Rafferty, D. and Rawlings, S. and Reich, W. and de Reijer, J. -P. and Reitsma, J. and Renting, A. and Riemers, P. and Rol, E. and Romein, J. W. and Roosjen, J. and Ruiter, M. and Scaife, A. and van der Schaaf, K. and Scheers, B. and Schellart, P. and Schoenmakers, A. and Schoonderbeek, G. and Serylak, M. and Shulevski, A. and Sluman, J. and Smirnov, O. and Sobey, C. and Spreeuw, H. and Steinmetz, M. and Sterks, C. G. M. and Stiepel, H. -J. and Stuurwold, K. and Tagger, M. and Tang, Y. and Tasse, C. and Thomas, I. and Thoudam, S. and Toribio, M. C. and van der Tol, B. and Usov, O. and van Veelen, M. and van der Veen, A. -J. and ter Veen, S. and Verbiest, J. P. W. and Vermeulen, R. and Vermaas, N. and Vocks, C. and Vogt, C. and de Vos, M. and van der Wal, E. and van Weeren, R. and Weggemans, H. and Weltevrede, P. and White, S. and Wijnholds, S. J. and Wilhelmsson, T. and Wucknitz, O. and Yatawatta, S. and Zarka, P. and Zensus, A. and van Zwieten, J.},
    month = {5},
    url = {http://arxiv.org/abs/1305.3550 http://dx.doi.org/10.1051/0004-6361/201220873},
    doi = {10.1051/0004-6361/201220873},
    arxivId = {1305.3550}
}

@article{VanHaarlem2013b,
    title = {{LOFAR: The LOw-Frequency ARray}},
    year = {2013},
    journal = {Astronomy {\&} Astrophysics, Volume 556, id.A2, 53 pp.},
    author = {van Haarlem, M. P. and Wise, M. W. and Gunst, A. W. and Heald, G. and McKean, J. P. and Hessels, J. W. T. and de Bruyn, A. G. and Nijboer, R. and Swinbank, J. and Fallows, R. and Brentjens, M. and Nelles, A. and Beck, R. and Falcke, H. and Fender, R. and H{\"{o}}randel, J. and Koopmans, L. V. E. and Mann, G. and Miley, G. and R{\"{o}}ttgering, H. and Stappers, B. W. and Wijers, R. A. M. J. and Zaroubi, S. and Akker, M. van den and Alexov, A. and Anderson, J. and Anderson, K. and van Ardenne, A. and Arts, M. and Asgekar, A. and Avruch, I. M. and Batejat, F. and B{\"{a}}hren, L. and Bell, M. E. and Bell, M. R. and van Bemmel, I. and Bennema, P. and Bentum, M. J. and Bernardi, G. and Best, P. and B{\^{i}}rzan, L. and Bonafede, A. and Boonstra, A. -J. and Braun, R. and Bregman, J. and Breitling, F. and van de Brink, R. H. and Broderick, J. and Broekema, P. C. and Brouw, W. N. and Br{\"{u}}ggen, M. and Butcher, H. R. and van Cappellen, W. and Ciardi, B. and Coenen, T. and Conway, J. and Coolen, A. and Corstanje, A. and Damstra, S. and Davies, O. and Deller, A. T. and Dettmar, R. -J. and van Diepen, G. and Dijkstra, K. and Donker, P. and Doorduin, A. and Dromer, J. and Drost, M. and van Duin, A. and Eisl{\"{o}}ffel, J. and van Enst, J. and Ferrari, C. and Frieswijk, W. and Gankema, H. and Garrett, M. A. and de Gasperin, F. and Gerbers, M. and de Geus, E. and Grie{\ss}meier, J. -M. and Grit, T. and Gruppen, P. and Hamaker, J. P. and Hassall, T. and Hoeft, M. and Holties, H. and Horneffer, A. and van der Horst, A. and van Houwelingen, A. and Huijgen, A. and Iacobelli, M. and Intema, H. and Jackson, N. and Jelic, V. and de Jong, A. and Juette, E. and Kant, D. and Karastergiou, A. and Koers, A. and Kollen, H. and Kondratiev, V. I. and Kooistra, E. and Koopman, Y. and Koster, A. and Kuniyoshi, M. and Kramer, M. and Kuper, G. and Lambropoulos, P. and Law, C. and van Leeuwen, J. and Lemaitre, J. and Loose, M. and Maat, P. and Macario, G. and Markoff, S. and Masters, J. and McKay-Bukowski, D. and Meijering, H. and Meulman, H. and Mevius, M. and Middelberg, E. and Millenaar, R. and Miller-Jones, J. C. A. and Mohan, R. N. and Mol, J. D. and Morawietz, J. and Morganti, R. and Mulcahy, D. D. and Mulder, E. and Munk, H. and Nieuwenhuis, L. and van Nieuwpoort, R. and Noordam, J. E. and Norden, M. and Noutsos, A. and Offringa, A. R. and Olofsson, H. and Omar, A. and Orr{\'{u}}, E. and Overeem, R. and Paas, H. and Pandey-Pommier, M. and Pandey, V. N. and Pizzo, R. and Polatidis, A. and Rafferty, D. and Rawlings, S. and Reich, W. and de Reijer, J. -P. and Reitsma, J. and Renting, A. and Riemers, P. and Rol, E. and Romein, J. W. and Roosjen, J. and Ruiter, M. and Scaife, A. and van der Schaaf, K. and Scheers, B. and Schellart, P. and Schoenmakers, A. and Schoonderbeek, G. and Serylak, M. and Shulevski, A. and Sluman, J. and Smirnov, O. and Sobey, C. and Spreeuw, H. and Steinmetz, M. and Sterks, C. G. M. and Stiepel, H. -J. and Stuurwold, K. and Tagger, M. and Tang, Y. and Tasse, C. and Thomas, I. and Thoudam, S. and Toribio, M. C. and van der Tol, B. and Usov, O. and van Veelen, M. and van der Veen, A. -J. and ter Veen, S. and Verbiest, J. P. W. and Vermeulen, R. and Vermaas, N. and Vocks, C. and Vogt, C. and de Vos, M. and van der Wal, E. and van Weeren, R. and Weggemans, H. and Weltevrede, P. and White, S. and Wijnholds, S. J. and Wilhelmsson, T. and Wucknitz, O. and Yatawatta, S. and Zarka, P. and Zensus, A. and van Zwieten, J. and van Zwieten, J.},
    month = {5},
    volume = {556},
    url = {http://arxiv.org/abs/1305.3550 http://dx.doi.org/10.1051/0004-6361/201220873},
    doi = {10.1051/0004-6361/201220873},
    issn = {0004-6361},
    arxivId = {1305.3550},
    keywords = {dark ages, first stars, instrumentation: interferometers, radio continuum: general, radio lines: general, reionization, telescopes}
}

@article{Cliver2009,
    title = {{LOW-FREQUENCY TYPE III BURSTS AND SOLAR ENERGETIC PARTICLE EVENTS}},
    year = {2009},
    journal = {The Astrophysical Journal},
    author = {Cliver, E. W. and Ling, A. G.},
    number = {1},
    month = {1},
    pages = {598--609},
    volume = {690},
    publisher = {IOP Publishing},
    url = {http://stacks.iop.org/0004-637X/690/i=1/a=598?key=crossref.f02dc2b8fa0cb70eab42d69dcd720413},
    doi = {10.1088/0004-637X/690/1/598},
    issn = {0004-637X}
}

@article{Forbes1991,
    title = {{Magnetic reconnection in solar flares}},
    year = {1991},
    journal = {Geophysical {\&} Astrophysical Fluid Dynamics},
    author = {Forbes, T. G.},
    number = {1-4},
    month = {12},
    pages = {15--36},
    volume = {62},
    publisher = { Taylor {\&} Francis Group },
    url = {http://www.tandfonline.com/doi/abs/10.1080/03091929108229123},
    doi = {10.1080/03091929108229123},
    issn = {0309-1929},
    keywords = {Magnetic reconnection, magnetohydrodynamics, solar flares, sun}
}

@article{Zucca2012,
    title = {{Observations of Low Frequency Solar Radio Bursts from the Rosse Solar-Terrestrial Observatory}},
    year = {2012},
    journal = {Solar Physics},
    author = {Zucca, P. and Carley, E. P. and McCauley, J. and Gallagher, P. T. and Monstein, C. and McAteer, R. T. J.},
    number = {2},
    month = {10},
    pages = {591--602},
    volume = {280},
    publisher = {Springer Netherlands},
    url = {http://link.springer.com/10.1007/s11207-012-9992-x},
    doi = {10.1007/s11207-012-9992-x},
    issn = {0038-0938}
}

@article{Wild1950,
    title = {{Observations of the spectrum of high-intensity solar radiation at metre wavelength. II. Outbursts}},
    year = {1950},
    journal = {Australian Journal of Chemistry},
    author = {Wild, J. P.},
    number = {3},
    month = {9},
    pages = {399--408},
    volume = {3},
    url = {https://ui.adsabs.harvard.edu/#abs/1950AuSRA...3..387W/abstract},
    isbn = {978-1-61284-243-1},
    doi = {10.1071/CH9500399},
    issn = {14450038}
}

@article{Wild1950b,
    title = {{Observations of the Spectrum of High-Intensity Solar Radiation at Metre Wavelengths. I. The Apparatus and Spectral Types of Solar Burst Observed}},
    year = {1950},
    journal = {Australian Journal of Scientific Research A, vol. 3, p.387},
    author = {Wild, J. P. and McCready, L. L.},
    pages = {387},
    volume = {3},
    url = {http://adsabs.harvard.edu/abs/1950AuSRA...3..387W},
    doi = {10.1071/PH500387}
}

@article{Wild1950a,
    title = {{Observations of the Spectrum of High-Intensity Solar Radiation at Metre Wavelengths. II. Outbursts}},
    year = {1950},
    journal = {Australian Journal of Scientific Research A Physical Sciences},
    author = {Wild, J. P.},
    month = {9},
    pages = {399},
    volume = {3},
    url = {https://ui.adsabs.harvard.edu/#abs/1950AuSRA...3..399W/abstract},
    doi = {10.1071/PH500399}
}

@inproceedings{Smerd1974,
    title = {{On Split-Band Structure in Type II Radio Bursts from the Sun (presented by S.F. Smerd)}},
    year = {1974},
    booktitle = {Coronal Disturbances},
    author = {Smerd, S.~F. and Sheridan, K.~V. and Stewart, R.~T.},
    editor = {Newkirk, G.~A.},
    pages = {389},
    series = {IAU Symposium},
    volume = {57}
}

@article{Ginzburg1959,
    title = {{On the mechanisms of sporadic solar radio emission}},
    year = {1959},
    journal = {URSI Symp. 1: Paris Symposium on Radio Astronomy},
    author = {Ginzburg, V. L. and Zhelezniakov, V. V.},
    pages = {574},
    volume = {9},
    url = {https://ui.adsabs.harvard.edu/#abs/1959IAUS....9..574G/abstract}
}

@article{Riddle1974,
    title = {{On the observation of scattered radio emission from sources in the solar corona}},
    year = {1974},
    journal = {Solar Physics},
    author = {Riddle, A. C.},
    number = {1},
    month = {3},
    pages = {153--169},
    volume = {35},
    url = {http://link.springer.com/10.1007/BF00156964},
    doi = {10.1007/BF00156964},
    issn = {0038-0938}
}

@article{Cliver2005,
    title = {{On the Origins of Solar EIT Waves}},
    year = {2005},
    journal = {{\textbackslash}apj},
    author = {Cliver, E.~W. and Laurenza, M and Storini, M and Thompson, B.~J.},
    month = {9},
    pages = {604--611},
    volume = {631},
    doi = {10.1086/432250},
    keywords = {Sun: Corona, Sun: Coronal Mass Ejections (CMEs), Sun: Flares}
}

@article{Mitalas1992,
    title = {{On the photon diffusion time scale for the sun}},
    year = {1992},
    journal = {The Astrophysical Journal},
    author = {Mitalas, R. and Sills, K. R.},
    month = {12},
    pages = {759},
    volume = {401},
    url = {http://adsabs.harvard.edu/doi/10.1086/172103},
    doi = {10.1086/172103},
    issn = {0004-637X},
    keywords = {Diffuse Radiation, Diffusion, Radiative Transfer, Random Walk, Solar Interior, Solar Radiation, Stellar Convection, Stellar Models, Stellar Structure}
}

@article{Ginzburg1958,
    title = {{On the Possible Mechanisms of Sporadic Solar Radio Emission (Radiation in an Isotropic Plasma)}},
    year = {1958},
    journal = {Astronomicheskii Zhurnal},
    author = {Ginzburg, V. L. and Zhelezniakov, V. V.},
    pages = {694},
    volume = {35},
    url = {https://ui.adsabs.harvard.edu/#abs/1958AZh....35..694G/abstract}
}

@article{Vrsnak2008,
    title = {{Origin of Coronal Shock Waves. Invited Review}},
    year = {2008},
    journal = {{\textbackslash}solphys},
    author = {Vr{\v{s}}nak, B and Cliver, E.~W.},
    month = {12},
    pages = {215--235},
    volume = {253},
    doi = {10.1007/s11207-008-9241-5},
    keywords = {Magnetohydrodynamics (MHD), Shock waves, Sun: corona, Sun: coronal mass ejections (CMEs), Sun: flares}
}

@article{Reames1999,
    title = {{Particle acceleration at the Sun and in the heliosphere}},
    year = {1999},
    journal = {{\textbackslash}ssr},
    author = {Reames, D.~V.},
    month = {10},
    pages = {413--491},
    volume = {90},
    doi = {10.1023/A:1005105831781}
}

@article{Aschwanden2004,
    title = {{Physics of the Solar Corona. An Introduction}},
    year = {2004},
    journal = {Physics of the Solar Corona},
    author = {Aschwanden, Markus J.},
    month = {8},
    url = {https://ui.adsabs.harvard.edu/#abs/2004psci.book.....A/abstract},
    keywords = {solar corona, solar flares, solar physics}
}

@article{Melrose1987,
    title = {{Plasma emission: A review}},
    year = {1987},
    journal = {Solar Physics},
    author = {Melrose, D. B.},
    number = {1},
    pages = {89--101},
    volume = {111},
    publisher = {Kluwer Academic Publishers},
    url = {http://link.springer.com/10.1007/BF00145443},
    doi = {10.1007/BF00145443},
    issn = {0038-0938}
}

@book{InternationalAstronomicalUnion.2004b,
    title = {{Proceedings of the International Astronomical Union.}},
    year = {2004},
    booktitle = {Paris Symposium on Radio Astronomy, IAU Symposium no. 9 and URSI Symposium no. 1, held 30 July - 6 August, 1958.  Edited by Ronald N. Bracewell. Stanford University Press, Stanford, CA, 1959., p.176},
    author = {International Astronomical Union., J. P. and Sheridan, K. V. and Trent, G. H.},
    pages = {176},
    volume = {9},
    publisher = {Cambridge University Press},
    url = {http://adsabs.harvard.edu/abs/1959IAUS....9..176W},
    issn = {1743-9221}
}

@book{InternationalAstronomicalUnion.2004,
    title = {{Proceedings of the International Astronomical Union.}},
    year = {2004},
    booktitle = {Paris Symposium on Radio Astronomy, IAU Symposium no. 9 and URSI Symposium no. 1, held 30 July - 6 August, 1958.  Edited by Ronald N. Bracewell. Stanford University Press, Stanford, CA, 1959., p.574},
    author = {International Astronomical Union., V. L. and Zhelezniakov, V. V.},
    pages = {574},
    volume = {9},
    publisher = {Cambridge University Press},
    url = {http://adsabs.harvard.edu/abs/1959IAUS....9..574G},
    issn = {1743-9221}
}

@article{Cairns2000,
    title = {{Progress on Coronal, Interplanetary, Foreshock, and Outer Heliospheric Radio Emissions}},
    year = {2000},
    journal = {{\textbackslash}pasa},
    author = {Cairns, I.~H. and Robinson, P.~A. and Zank, G.~P.},
    month = {4},
    pages = {22--34},
    volume = {17},
    doi = {10.1071/AS00022},
    keywords = {INSTABILITIES, INTERPLANETARY MEDIUM, NON-THERMAL RADIATION, SOLAR RADIATION, Sun: radio radiation, WAVES, instabilities, interplanetary medium, radiation mechanisms: non-thermal, shock waves, waves}
}

@article{Uchida1968,
    title = {{Propagation of Hydromagnetic Disturbances in the Solar Corona and Moreton's Wave Phenomenon}},
    year = {1968},
    journal = {{\textbackslash}solphys},
    author = {Uchida, Y},
    month = {5},
    pages = {30--44},
    volume = {4},
    doi = {10.1007/BF00146996}
}

@article{Clarke2019,
    title = {{Properties and magnetic origins of solar S-bursts}},
    year = {2019},
    author = {Clarke, Brendan P. and Morosan, Diana E. and Gallagher, Peter T. and Dorovskyy, Vladimir V. and Konovalenko, Alexander A. and Carley, Eoin P.},
    month = {1},
    url = {http://arxiv.org/abs/1901.07424 http://dx.doi.org/10.1051/0004-6361/201833939},
    doi = {10.1051/0004-6361/201833939},
    arxivId = {1901.07424}
}

@article{PoissonCUSUM,
    title = {{Proton and helium release times in SEP events observed with SOHO/ERNE}},
    year = {2005},
    journal = {Astronomy {\&} Astrophysics},
    author = {Huttunen-Heikinmaa, K and Valtonen, E and Laitinen, T},
    number = {2},
    month = {11},
    pages = {673--685},
    volume = {442},
    url = {http://www.aanda.org/10.1051/0004-6361:20042620},
    doi = {10.1051/0004-6361:20042620},
    issn = {0004-6361},
    keywords = {Sun: coronal mass ejections (CMEs), acceleration of particles, methods: data analysis}
}

@article{Vedenov1963,
    title = {{Quasi-linear plasma theory (theory of a weakly turbulent plasma)}},
    year = {1963},
    journal = {Journal of Nuclear Energy. Part C, Plasma Physics, Accelerators, Thermonuclear Research},
    author = {Vedenov, A A},
    number = {3},
    month = {1},
    pages = {169--186},
    volume = {5},
    publisher = {IOP Publishing},
    url = {http://stacks.iop.org/0368-3281/5/i=3/a=305?key=crossref.8c976ac57871f678c15074eee21e967b},
    doi = {10.1088/0368-3281/5/3/305},
    issn = {0368-3281}
}

@article{Dulk1985,
    title = {{Radio Emission from the Sun and Stars}},
    year = {1985},
    journal = {Annual Review of Astronomy and Astrophysics},
    author = {Dulk, George A.},
    number = {1},
    month = {9},
    pages = {169--224},
    volume = {23},
    publisher = { Annual Reviews  4139 El Camino Way, P.O. Box 10139, Palo Alto, CA 94303-0139, USA  },
    url = {http://www.annualreviews.org/doi/10.1146/annurev.aa.23.090185.001125},
    doi = {10.1146/annurev.aa.23.090185.001125},
    issn = {0066-4146}
}

@article{Nita2007,
    title = {{Radio Frequency Interference Excision Using Spectral‐Domain Statistics}},
    year = {2007},
    journal = {Publications of the Astronomical Society of the Pacific},
    author = {Nita, Gelu M. and Gary, Dale E. and Liu, Zhiwei and Hurford, Gordon J. and White, Stephen M.},
    number = {857},
    month = {7},
    pages = {805--827},
    volume = {119},
    url = {http://iopscience.iop.org/article/10.1086/520938},
    doi = {10.1086/520938},
    issn = {0004-6280},
    keywords = {Astronomical Techniques}
}

@article{MoretonandRamsey1960,
    title = {{Recent Observations of Dynamical Phenomena Associated with Solar Flares}},
    year = {1960},
    journal = {{\textbackslash}pasp},
    author = {Moreton, G.~E. and Ramsey, H.~E.},
    month = {10},
    pages = {357},
    volume = {72},
    doi = {10.1086/127549}
}

@inproceedings{Reiner1997,
    title = {{Remote Radio Tracking of Interplanetary CMEs}},
    year = {1997},
    booktitle = {Correlated Phenomena at the Sun, in the Heliosphere and in Geospace},
    author = {Reiner, M.~J. and Kaiser, M.~L. and Fainberg, J and Bougeret, J.-L. and Stone, R.~G.},
    editor = {Wilson, A},
    month = {12},
    pages = {183},
    series = {ESA Special Publication},
    volume = {415}
}

@article{Smirnov2011,
    title = {{Revisiting the radio interferometer measurement equation}},
    year = {2011},
    journal = {Astronomy {\&} Astrophysics},
    author = {Smirnov, O. M.},
    month = {3},
    pages = {A106},
    volume = {527},
    publisher = {EDP Sciences},
    url = {http://www.aanda.org/10.1051/0004-6361/201016082},
    doi = {10.1051/0004-6361/201016082},
    issn = {0004-6361},
    keywords = {methods: analytical, methods: data analysis, methods: numerical, techniques: interferometric, techniques: polarimetric}
}

@book{Veen2015,
    title = {{Searching for Fast Radio Transients with LOFAR}},
    year = {2015},
    author = {ter Veen, S.},
    publisher = {S.l. : s.n.},
    url = {http://hdl.handle.net/2066/147186}
}

@article{Zucca2018,
    title = {{Shock location and CME 3D reconstruction of a solar type II radio burst with LOFAR}},
    year = {2018},
    journal = {Astronomy {\&} Astrophysics},
    author = {Zucca, P. and Morosan, D. E. and Rouillard, A. P. and Fallows, R. and Gallagher, P. T. and Magdalenic, J. and Klein, K.-L. and Mann, G. and Vocks, C. and Carley, E. P. and Bisi, M. M. and Kontar, E. P. and Rothkaehl, H. and Dabrowski, B. and Krankowski, A. and Anderson, J. and Asgekar, A. and Bell, M. E. and Bentum, M. J. and Best, P. and Blaauw, R. and Breitling, F. and Broderick, J. W. and Brouw, W. N. and Br{\"{u}}ggen, M. and Butcher, H. R. and Ciardi, B. and Geus, E. de and Deller, A. and Duscha, S. and Eisl{\"{o}}ffel, J. and Garrett, M. A. and Grie{\ss}meier, J. M. and Gunst, A. W. and Heald, G. and Hoeft, M. and H{\"{o}}randel, J. and Iacobelli, M. and Juette, E. and Karastergiou, A. and Leeuwen, J. van and McKay-Bukowski, D. and Mulder, H. and Munk, H. and Nelles, A. and Orru, E. and Paas, H. and Pandey, V. N. and Pekal, R. and Pizzo, R. and Polatidis, A. G. and Reich, W. and Rowlinson, A. and Schwarz, D. J. and Shulevski, A. and Sluman, J. and Smirnov, O. and Sobey, C. and Soida, M. and Thoudam, S. and Toribio, M. C. and Vermeulen, R. and van Weeren, R. J. and Wucknitz, O. and Zarka, P.},
    month = {7},
    pages = {A89},
    volume = {615},
    publisher = {EDP Sciences},
    url = {https://www.aanda.org/10.1051/0004-6361/201732308},
    doi = {10.1051/0004-6361/201732308},
    issn = {0004-6361},
    keywords = {Sun: corona, Sun: coronal mass ejections (CMEs), Sun: radio radiation}
}

@article{Thompson1999,
    title = {{SOHO/EIT Observations of the 1997 April 7 Coronal Transient: Possible Evidence of Coronal Moreton Waves}},
    year = {1999},
    journal = {{\textbackslash}apjl},
    author = {Thompson, B.~J. and Gurman, J.~B. and Neupert, W.~M. and Newmark, J.~S. and Delaboudini{\`{e}}re, J.-P. and Cyr, O.~C.~S. and Stezelberger, S and Dere, K.~P. and Howard, R.~A. and Michels, D.~J.},
    month = {6},
    pages = {L151-L154},
    volume = {517},
    doi = {10.1086/312030},
    keywords = {SUN: ACTIVITY, SUN: CORONA, SUN: FLARES, SUN: SOLAR WIND, Sun: Activity, Sun: Corona, Sun: Flares, Sun: Solar Wind}
}

@article{Foukal2004,
    title = {{Solar Astrophysics, 2nd, Revised Edition}},
    year = {2004},
    journal = {Solar Astrophysics},
    author = {Foukal, Peter V.},
    pages = {480},
    url = {https://ui.adsabs.harvard.edu/#abs/2004soas.book.....F/abstract},
    keywords = {Astronomy}
}

@article{Stanislavsky2017,
    title = {{Solar Drift-Pair Bursts}},
    year = {2017},
    journal = {Sun and Geosphere},
    author = {Stanislavsky, A. and Volvach, Ya. and Konovalenko, A. and Koval, A.},
    month = {8},
    pages = {99},
    volume = {12},
    url = {https://ui.adsabs.harvard.edu/#abs/2017SunGe..12...99S/abstract},
    keywords = {Bursts, Solar Drift}
}

@inproceedings{Reames2002,
    title = {{Solar energetic particle variations}},
    year = {2002},
    booktitle = {34th COSPAR Scientific Assembly},
    author = {Reames, D},
    series = {COSPAR Meeting},
    volume = {34}
}

@article{Miteva2014,
    title = {{Solar Energetic Particles and Associated EIT Disturbances in Solar Cycle 23}},
    year = {2014},
    journal = {{\textbackslash}solphys},
    author = {Miteva, R and Klein, K.-L. and Kienreich, I and Temmer, M and Veronig, A and Malandraki, O.~E.},
    month = {7},
    pages = {2601--2631},
    volume = {289},
    doi = {10.1007/s11207-014-0499-5},
    arxivId = {astro-ph.SR/1402.1676},
    keywords = {Corona, Coronal mass ejections, Energetic particles, Flares, Radio bursts, Type II and III, electrons, protons, structures}
}

@article{Turck-Chieze2011,
    title = {{Solar neutrinos, helioseismology and the solar internal dynamics}},
    year = {2011},
    journal = {Reports on Progress in Physics},
    author = {Turck-Chi{\`{e}}ze, Sylvaine and Couvidat, Sébastien},
    number = {8},
    month = {9},
    pages = {086901},
    volume = {74},
    publisher = {IOP Publishing},
    url = {http://arxiv.org/abs/1009.0852 http://dx.doi.org/10.1088/0034-4885/74/8/086901 http://stacks.iop.org/0034-4885/74/i=8/a=086901?key=crossref.120d1d2871b66bae7cd9060e203d0740},
    doi = {10.1088/0034-4885/74/8/086901},
    issn = {0034-4885},
    arxivId = {1009.0852}
}

@article{Biesecker2002,
    title = {{Solar Phenomena Associated with ``EIT Waves''}},
    year = {2002},
    journal = {{\textbackslash}apj},
    author = {Biesecker, D.~A. and Myers, D.~C. and Thompson, B.~J. and Hammer, D.~M. and Vourlidas, A},
    month = {4},
    pages = {1009--1015},
    volume = {569},
    doi = {10.1086/339402},
    keywords = {Sun: Activity, Sun: Coronal Mass Ejections (CMEs), Sun: Flares, Sun: Radio Radiation, Sun: UV Radiation, Waves}
}

@article{Benz1982,
    title = {{Solar Radio Storms}},
    year = {1982},
    journal = {Solar Radio Storms, CESRA Workshop {\#}4},
    author = {Benz, A. O. and Zlobec, P.},
    url = {https://ui.adsabs.harvard.edu/#abs/1982srs..work.....B/abstract}
}

@article{McLean1985,
    title = {{Solar radiophysics: Studies of emission from the sun at metre wavelengths}},
    year = {1985},
    journal = {Cambridge and New York, Cambridge University Press, 1985, 527 p. For individual items see A87-13852 to A87-13867.},
    author = {McLean, D. J. and Labrum, N. R.},
    url = {http://adsabs.harvard.edu/abs/1985srph.book.....M},
    keywords = {Gyromagnetism, Solar Activity, Solar Atmosphere, Solar Corona, Solar Electrons, Solar Flares, Solar Instruments, Solar Magnetic Field, Solar Physics, Solar Radio Bursts, Solar Radio Emission, Solar Storms, Space Plasmas, Type 2 Bursts, Type 3 Bursts, Type 4 Bursts}
}

@article{Melnik2010,
    title = {{Solar S-bursts at Frequencies of 10 – 30 MHz}},
    year = {2010},
    journal = {Solar Physics},
    author = {Melnik, V. N. and Konovalenko, A. A. and Rucker, H. O. and Dorovskyy, V. V. and Abranin, E. P. and Lecacheux, A. and Lonskaya, A. S.},
    number = {1},
    month = {6},
    pages = {103--117},
    volume = {264},
    publisher = {Springer Netherlands},
    url = {http://link.springer.com/10.1007/s11207-010-9571-y},
    doi = {10.1007/s11207-010-9571-y},
    issn = {0038-0938}
}

@article{Reid2018b,
    title = {{Solar type III radio burst time characteristics at LOFAR frequencies and the implications for electron beam transport}},
    year = {2018},
    journal = {Astronomy {\&} Astrophysics},
    author = {Reid, Hamish A. S. and Kontar, Eduard P.},
    month = {6},
    pages = {A69},
    volume = {614},
    publisher = {EDP Sciences},
    url = {https://www.aanda.org/10.1051/0004-6361/201732298},
    doi = {10.1051/0004-6361/201732298},
    issn = {0004-6361},
    keywords = {Sun: corona, Sun: flares, Sun: particle emission, Sun: radio radiation, solar wind}
}

@article{Reid2018,
    title = {{Solar type III radio burst time characteristics at LOFAR frequencies and the implications for electron beam transport}},
    year = {2018},
    journal = {Astronomy {\&} Astrophysics},
    author = {Reid, Hamish A. S. and Kontar, Eduard P.},
    month = {6},
    pages = {A69},
    volume = {614},
    publisher = {EDP Sciences},
    url = {https://www.aanda.org/10.1051/0004-6361/201732298},
    doi = {10.1051/0004-6361/201732298},
    issn = {0004-6361},
    keywords = {Sun: corona, Sun: flares, Sun: particle emission, Sun: radio radiation, solar wind}
}

@article{Schwenn2006,
    title = {{Space Weather: The Solar Perspective}},
    year = {2006},
    journal = {Living Reviews in Solar Physics},
    author = {Schwenn, R},
    month = {12},
    pages = {2},
    volume = {3},
    doi = {10.12942/lrsp-2006-2}
}

@article{Reid2018a,
    title = {{Spatial expansion and speeds of type III electron beam sources in the solar corona}},
    year = {2018},
    author = {Reid, Hamish A. S. and Kontar, Eduard P.},
    month = {9},
    url = {http://arxiv.org/abs/1809.00887},
    arxivId = {1809.00887}
}

@article{McConnell1982,
    title = {{Spectral characteristics of solar S bursts}},
    year = {1982},
    journal = {Solar Physics},
    author = {McConnell, D.},
    number = {2},
    month = {6},
    pages = {253--269},
    volume = {78},
    publisher = {Kluwer Academic Publishers},
    url = {http://link.springer.com/10.1007/BF00151608},
    doi = {10.1007/BF00151608},
    issn = {0038-0938}
}

@article{Nita2010,
    title = {{Statistics of the Spectral Kurtosis Estimator}},
    year = {2010},
    journal = {Publications of the Astronomical Society of the Pacific},
    author = {Nita, Gelu M. and Gary, Dale E.},
    number = {891},
    month = {5},
    pages = {595--607},
    volume = {122},
    publisher = {IOP Publishing},
    url = {http://iopscience.iop.org/article/10.1086/652409},
    doi = {10.1086/652409},
    issn = {0004-6280}
}

@article{Kohler,
    title = {{Studying large-scale structures and polarization of the Northern sky facilitating single-station data of the Low Frequency Array (LOFAR)}},
    author = {K{\"{o}}hler, Jana},
    url = {http://hss.ulb.uni-bonn.de/2016/4408/4408.htm},
    keywords = {520}
}

@article{Malville1962,
    title = {{The Association of Type III Bursts and Solar Flares.}},
    year = {1962},
    journal = {The Astrophysical Journal},
    author = {Malville, J. M. and M., J.},
    month = {5},
    pages = {834},
    volume = {135},
    url = {http://adsabs.harvard.edu/doi/10.1086/147327},
    doi = {10.1086/147327},
    issn = {0004-637X}
}

@article{Long2008,
    title = {{The Kinematics of a Globally Propagating Disturbance in the Solar Corona}},
    year = {2008},
    journal = {{\textbackslash}apjl},
    author = {Long, D.~M. and Gallagher, P.~T. and McAteer, R.~T.~J. and Bloomfield, D.~S.},
    month = {6},
    pages = {L81},
    volume = {680},
    doi = {10.1086/589742},
    arxivId = {0805.2023},
    keywords = {Sun: chromosphere, Sun: corona, Sun: flares}
}

@article{Offringa2012,
    title = {{The LOFAR radio environment}},
    year = {2012},
    author = {Offringa, A. R. and de Bruyn, A. G. and Zaroubi, S. and van Diepen, G. and Martinez-Ruby, O. and Labropoulos, P. and Brentjens, M. A. and Ciardi, B. and Daiboo, S. and Harker, G. and Jelic, V. and Kazemi, S. and Koopmans, L. V. E. and Mellema, G. and Pandey, V. N. and Pizzo, R. F. and Schaye, J. and Vedantham, H. and Veligatla, V. and Wijnholds, S. J. and Yatawatta, S. and Zarka, P. and Alexov, A. and Anderson, J. and Asgekar, A. and Avruch, M. and Beck, R. and Bell, M. and Bell, M. R. and Bentum, M. and Bernardi, G. and Best, P. and Birzan, L. and Bonafede, A. and Breitling, F. and Broderick, J. W. and Bruggen, M. and Butcher, H. and Conway, J. and de Vos, M. and Dettmar, R. J. and Eisloeffel, J. and Falcke, H. and Fender, R. and Frieswijk, W. and Gerbers, M. and Griessmeier, J. M. and Gunst, A. W. and Hassall, T. E. and Heald, G. and Hessels, J. and Hoeft, M. and Horneffer, A. and Karastergiou, A. and Kondratiev, V. and Koopman, Y. and Kuniyoshi, M. and Kuper, G. and Maat, P. and Mann, G. and McKean, J. and Meulman, H. and Mevius, M. and Mol, J. D. and Nijboer, R. and Noordam, J. and Norden, M. and Paas, H. and Pandey, M. and Pizzo, R. and Polatidis, A. and Rafferty, D. and Rawlings, S. and Reich, W. and Rottgering, H. J. A. and Schoenmakers, A. P. and Sluman, J. and Smirnov, O. and Sobey, C. and Stappers, B. and Steinmetz, M. and Swinbank, J. and Tagger, M. and Tang, Y. and Tasse, C. and van Ardenne, A. and van Cappellen, W. and van Duin, A. P. and van Haarlem, M. and van Leeuwen, J. and van Weeren, R. J. and Vermeulen, R. and Vocks, C. and Wijers, R. A. M. J. and Wise, M. and Wucknitz, O.},
    month = {10},
    url = {http://arxiv.org/abs/1210.0393 http://dx.doi.org/10.1051/0004-6361/201220293},
    doi = {10.1051/0004-6361/201220293},
    arxivId = {1210.0393}
}

@article{Offringa2013,
    title = {{The LOFAR radio environment}},
    year = {2013},
    journal = {Astronomy {\&} Astrophysics},
    author = {Offringa, A. R. and de Bruyn, A. G. and Zaroubi, S. and van Diepen, G. and Martinez-Ruby, O. and Labropoulos, P. and Brentjens, M. A. and Ciardi, B. and Daiboo, S. and Harker, G. and Jeli{\'{c}}, V. and Kazemi, S. and Koopmans, L. V. E. and Mellema, G. and Pandey, V. N. and Pizzo, R. F. and Schaye, J. and Vedantham, H. and Veligatla, V. and Wijnholds, S. J. and Yatawatta, S. and Zarka, P. and Alexov, A. and Anderson, J. and Asgekar, A. and Avruch, M. and Beck, R. and Bell, M. and Bell, M. R. and Bentum, M. and Bernardi, G. and Best, P. and Birzan, L. and Bonafede, A. and Breitling, F. and Broderick, J. W. and Br{\"{u}}ggen, M. and Butcher, H. and Conway, J. and de Vos, M. and Dettmar, R. J. and Eisloeffel, J. and Falcke, H. and Fender, R. and Frieswijk, W. and Gerbers, M. and Griessmeier, J. M. and Gunst, A. W. and Hassall, T. E. and Heald, G. and Hessels, J. and Hoeft, M. and Horneffer, A. and Karastergiou, A. and Kondratiev, V. and Koopman, Y. and Kuniyoshi, M. and Kuper, G. and Maat, P. and Mann, G. and McKean, J. and Meulman, H. and Mevius, M. and Mol, J. D. and Nijboer, R. and Noordam, J. and Norden, M. and Paas, H. and Pandey, M. and Pizzo, R. and Polatidis, A. and Rafferty, D. and Rawlings, S. and Reich, W. and R{\"{o}}ttgering, H. J. A. and Schoenmakers, A. P. and Sluman, J. and Smirnov, O. and Sobey, C. and Stappers, B. and Steinmetz, M. and Swinbank, J. and Tagger, M. and Tang, Y. and Tasse, C. and van Ardenne, A. and van Cappellen, W. and van Duin, A. P. and van Haarlem, M. and van Leeuwen, J. and van Weeren, R. J. and Vermeulen, R. and Vocks, C. and Wijers, R. A. M. J. and Wise, M. and Wucknitz, O.},
    month = {1},
    pages = {A11},
    volume = {549},
    publisher = {EDP Sciences},
    url = {http://www.aanda.org/10.1051/0004-6361/201220293},
    doi = {10.1051/0004-6361/201220293},
    issn = {0004-6361},
    keywords = {instrumentation: interferometers, methods: data analysis, radio continuum: general, techniques: interferometric, telescopes}
}

@article{Nita2002,
    title = {{The Peak Flux Distribution of Solar Radio Bursts}},
    year = {2002},
    journal = {The Astrophysical Journal},
    author = {Nita, Gelu M. and Gary, Dale E. and Lanzerotti, L. J. and Thomson, D. J.},
    number = {1},
    month = {5},
    pages = {423--438},
    volume = {570},
    publisher = {IOP Publishing},
    url = {http://stacks.iop.org/0004-637X/570/i=1/a=423},
    doi = {10.1086/339577},
    issn = {0004-637X}
}

@article{Dulk1980,
    title = {{The position and polarization of Type III solar bursts}},
    year = {1980},
    journal = {Astronomy and Astrophysics},
    author = {Dulk, G. A. and Suzuki, S.},
    number = {1-2},
    month = {8},
    pages = {203},
    volume = {88},
    url = {https://ui.adsabs.harvard.edu/#abs/1980A&A....88..203D/abstract},
    keywords = {Brightness Temperature, Circular Polarization, Interplanetary Magnetic Fields, Interplanetary Space, Plasma Frequencies, Plasma Radiation, Polarization Characteristics, Polarized Radiation, Radiation Distribution, Radio Astronomy, Solar Physics, Solar Wind, Type 3 Bursts}
}

@article{Nitta2014,
    title = {{The Relation Between Large-Scale Coronal Propagating Fronts and Type II Radio Bursts}},
    year = {2014},
    journal = {{\textbackslash}solphys},
    author = {Nitta, N.~V. and Liu, W and Gopalswamy, N and Yashiro, S},
    month = {12},
    pages = {4589--4606},
    volume = {289},
    doi = {10.1007/s11207-014-0602-y},
    arxivId = {astro-ph.SR/1409.4754}
}

@article{Mercier2014,
    title = {{The structure of solar radio noise storms}},
    year = {2014},
    author = {Mercier, Claude and Subramanian, Prasad and Chambe, Gilbert and Janardhan, P.},
    month = {12},
    url = {http://arxiv.org/abs/1412.8189 http://dx.doi.org/10.1051/0004-6361/201321064},
    doi = {10.1051/0004-6361/201321064},
    arxivId = {1412.8189}
}

@article{Wild1959,
    title = {{The transverse motions of the sources of solar radio bursts}},
    year = {1959},
    journal = {URSI Symp. 1: Paris Symposium on Radio Astronomy},
    author = {Wild, J. P. and Sheridan, K. V. and Trent, G. H.},
    pages = {176},
    volume = {9},
    url = {https://ui.adsabs.harvard.edu/#abs/1959IAUS....9..176W/abstract}
}

@inproceedings{Mann1995,
    title = {{Theory and Observations of Coronal Shock Waves}},
    year = {1995},
    booktitle = {Coronal Magnetic Energy Releases},
    author = {Mann, G},
    editor = {Benz, A.~O. and Kr{\"{u}}ger, A},
    pages = {183},
    series = {Lecture Notes in Physics, Berlin Springer Verlag},
    volume = {444},
    doi = {10.1007/3-540-59109-5{\_}50}
}

@article{Mann2018,
    title = {{Tracking of an electron beam through the solar corona with LOFAR}},
    year = {2018},
    journal = {Astronomy {\&} Astrophysics},
    author = {Mann, G. and Breitling, F. and Vocks, C. and Aurass, H. and Steinmetz, M. and Strassmeier, K. G. and Bisi, M. M. and Fallows, R. A. and Gallagher, P. and Kerdraon, A. and Mackinnon, A. and Magdalenic, J. and Rucker, H. and Anderson, J. and Asgekar, A. and Avruch, I. M. and Bell, M. E. and Bentum, M. J. and Bernardi, G. and Best, P. and B{\^{i}}rzan, L. and Bonafede, A. and Broderick, J. W. and Br{\"{u}}ggen, M. and Butcher, H. R. and Ciardi, B. and Corstanje, A. and de Gasperin, F. and de Geus, E. and Deller, A. and Duscha, S. and Eisl{\"{o}}ffel, J. and Engels, D. and Falcke, H. and Fender, R. and Ferrari, C. and Frieswijk, W. and Garrett, M. A. and Grie{\ss}meier, J. and Gunst, A. W. and van Haarlem, M. and Hassall, T. E. and Heald, G. and Hessels, J. W. T. and Hoeft, M. and H{\"{o}}randel, J. and Horneffer, A. and Juette, E. and Karastergiou, A. and Klijn, W. F. A. and Kondratiev, V. I. and Kramer, M. and Kuniyoshi, M. and Kuper, G. and Maat, P. and Markoff, S. and McFadden, R. and McKay-Bukowski, D. and McKean, J. P. and Mulcahy, D. D. and Munk, H. and Nelles, A. and Norden, M. J. and Orru, E. and Paas, H. and Pandey-Pommier, M. and Pandey, V. N. and Pizzo, R. and Polatidis, A. G. and Rafferty, D. and Reich, W. and R{\"{o}}ttgering, H. and Scaife, A. M. M. and Schwarz, D. J. and Serylak, M. and Sluman, J. and Smirnov, O. and Stappers, B. W. and Tagger, M. and Tang, Y. and Tasse, C. and ter Veen, S. and Thoudam, S. and Toribio, M. C. and Vermeulen, R. and van Weeren, R. J. and Wise, M. W. and Wucknitz, O. and Yatawatta, S. and Zarka, P. and Zensus, J. A.},
    month = {3},
    pages = {A57},
    volume = {611},
    publisher = {EDP Sciences},
    url = {https://www.aanda.org/10.1051/0004-6361/201629017},
    doi = {10.1051/0004-6361/201629017},
    issn = {0004-6361},
    keywords = {Sun: corona, Sun: flares, Sun: radio radiation, acceleration of particles, instrumentation: interferometers, techniques: interferometric}
}

@incollection{NelsonandMelrose1985,
    title = {{Type II bursts}},
    year = {1985},
    booktitle = {Solar Radiophysics: Studies of Emission from the Sun at Metre Wavelengths},
    author = {Nelson, G.~J. and Melrose, D.~B.},
    editor = {McLean, D.~J. and Labrum, N.~R.},
    pages = {333--359},
    keywords = {Coronal Loops, Electron Acceleration, H Alpha Line, Interplanetary Medium, Magnetohydrodynamic Waves, Plasma Radiation, Shock Wave Propagation, Solar Flares, Type 2 Bursts}
}

@article{McCauley2017,
    title = {{Type III Solar Radio Burst Source Region Splitting due to a Quasi-separatrix Layer}},
    year = {2017},
    journal = {The Astrophysical Journal},
    author = {McCauley, Patrick I. and Cairns, Iver H. and Morgan, John and Gibson, Sarah E. and Harding, James C. and Lonsdale, Colin and Oberoi, Divya},
    number = {2},
    month = {12},
    pages = {151},
    volume = {851},
    publisher = {IOP Publishing},
    url = {http://stacks.iop.org/0004-637X/851/i=2/a=151?key=crossref.9b648b0026b0f8969fe5c31dfc493bca},
    doi = {10.3847/1538-4357/aa9cee},
    issn = {1538-4357}
}

@article{Morosan2019,
    title = {{Variable emission mechanism of a Type IV radio burst}},
    year = {2019},
    author = {Morosan, D. E. and Kilpua, E. K. J. and Carley, E. P. and Monstein, C.},
    month = {2},
    url = {http://arxiv.org/abs/1902.01140},
    arxivId = {1902.01140}
}

@article{Offringa2014,
    title = {{Wsclean: An implementation of a fast, generic wide-field imager for radio astronomy}},
    year = {2014},
    journal = {Monthly Notices of the Royal Astronomical Society},
    author = {Offringa, A. R. and McKinley, B. and Hurley-Walker, N. and Briggs, F. H. and Wayth, R. B. and Kaplan, D. L. and Bell, M. E. and Feng, L. and Neben, A. R. and Hughes, J. D. and Rhee, J. and Murphy, T. and Bhat, N. D.R. and Bernardi, G. and Bowman, J. D. and Cappallo, R. J. and Corey, B. E. and Deshpande, A. A. and Emrich, D. and Ewall-Wice, A. and Gaensler, B. M. and Goeke, R. and Greenhill, L. J. and Hazelton, B. J. and Hindson, L. and Johnston-Hollitt, M. and Jacobs, D. C. and Kasper, J. C. and Kratzenberg, E. and Lenc, E. and Lonsdale, C. J. and Lynch, M. J. and McWhirter, S. R. and Mitchell, D. A. and Morales, M. F. and Morgan, E. and Kudryavtseva, N. and Oberoi, D. and Ord, S. M. and Pindor, B. and Procopio, P. and Prabu, T. and Riding, J. and Roshi, D. A. and Shankar, N. Udaya and Srivani, K. S. and Subrahmanyan, R. and Tingay, S. J. and Waterson, M. and Webster, R. L. and Whitney, A. R. and Williams, A. and Williams, C. L.},
    number = {1},
    month = {10},
    pages = {606--619},
    volume = {444},
    publisher = {Oxford University Press},
    url = {http://academic.oup.com/mnras/article/444/1/606/1010067/wsclean-an-implementation-of-a-fast-generic},
    isbn = {00358711},
    doi = {10.1093/mnras/stu1368},
    issn = {13652966},
    arxivId = {1407.1943},
    keywords = {Instrumentation: interferometers, Methods: observational, Radio continuum: general, Techniques: interferometric}
}

@article{Khan2002,
    title = {{X-ray observations of a large-scale solar coronal shock wave}},
    year = {2002},
    journal = {{\textbackslash}aap},
    author = {Khan, J.~I. and Aurass, H},
    month = {3},
    pages = {1018--1031},
    volume = {383},
    doi = {10.1051/0004-6361:20011707},
    keywords = {GAMMA RAYS, SHOCK WAVES, SUN: CORONA, SUN: FLARES, SUN: RADIO RADIATION, SUN: UV RADIATION, SUN: X-RAYS}
}

@article{Appleton1946,
    title = {{XII. Solar radio noise. <i>—I</i>}},
    year = {1946},
    journal = {The London, Edinburgh, and Dublin Philosophical Magazine and Journal of Science},
    author = {Appleton, Edward and Hey, J.S.},
    number = {265},
    month = {2},
    pages = {73--84},
    volume = {37},
    publisher = { Taylor {\&} Francis Group },
    url = {http://www.tandfonline.com/doi/abs/10.1080/14786444608561327},
    doi = {10.1080/14786444608561327},
    issn = {1941-5982}
}

@article{2017,
    title = {{病院・介護施設におけるノロウイルス感染症の拡大防止対策を 目的とした吐物の飛散状況に関する研究No Title}},
    year = {2017},
    journal = {感染症誌},
    author = {{林伸行}},
    pages = {399--404},
    volume = {91}
}

@article{No,
    title = {{No Title דוקטורט - גלית אגם}}
}

@book{2015SearchingLOFAR,
    title = {{Searching for Fast Radio Transients with LOFAR}},
    year = {2015},
    publisher = {{\\\}[S.l. : s.n.]{\\\}}
}